@misc{Wells,
    author = {Wells, S.},
    title = {Notes \& Workbook 2017-2018},
    issue_date = {September 2017},
    month = {September},
    year = {2017},
    url = {https://www.dropbox.com/s/k41vw5a49y64nt7/workbook.pdf?dl=1},
    keywords = {Python, Flask, Workbook, HTML, CSS},
} 

@misc{Shaw,
    author = {Shaw, Z.},
    title = {Learn Python The Hard Way},
    issue_date = {July 7, 2017)},
    month = {October},
    year = {2017},
    url = {https://learnpythonthehardway.org/python3/},
    publisher = {Addison-Wesley Professional},
    keywords = {Python, HTML, CSS},
} 

@misc{Code,
    title = {Codeacademy},
    month = {October},
    year = {2017},
    url = {https://www.codecademy.com/learn/learn-python},
    keywords = {Python},
} 

@misc{Color,
    title = {Coolors},
    month = {October},
    year = {2017},
    url = {https://coolors.co/f6fedb-e6d3a3-d8d174-b6c454-91972a},
    keywords = {Colour, Scheme, Complementary},
} 

@misc{Bootstrap,
    title = {Bootstrap},
    month = {October},
    year = {2017},
    url = {https://getbootstrap.com/docs/3.3/components/},
    keywords = {Bootstrap, CSS, Styling, Layout},
} 

@misc{JSON,
    title = {Introducing JSON},
    month = {October},
    year = {2017},
    url = {http://www.json.org/},
    keywords = {JSON, Introduction, Structure},
} 

@misc{JSON_Examples,
    author = {Wanyoike, M},
    title = {10 Example JSON Files},
    month = {October},
    year = {2017},
    url = {https://www.sitepoint.com/10-example-json-files/},
    keywords = {JSON, Structure, Examples},
} 

@misc{StackOverflow,
    title = {How to iterate over a list of list in jinja},
    issue_date = {May 2015},
    month = {October},
    year = {2017},
    url = {https://stackoverflow.com/questions/30056622/how-to-iterate-over-a-list-of-list-in-jinja},
    keywords = {Jinja2, HTML, JSON, list},
} 

@misc{Unsplash,
    title = {Unsplash},
    month = {October},
    year = {2017},
    url = {https://unsplash.com/},
    keywords = {High Quality, Images, Baking, Recipes, Cooking},
} 

@misc{bbc,
    title = {BBC Food},
    month = {October},
    year = {2017},
    url = {http://www.bbc.co.uk/food/occasions},
    keywords = {Images, Baking, Recipes, Cooking},
} 
